<record><leader>00000cas a2200000 a 4500</leader><controlfield tag="001">23685333</controlfield><controlfield tag="008">910503d1uuu19uuiluwr ne      0   a0eng c</controlfield><datafield ind1=" " ind2=" " tag="010"><subfield code="a">sn 91055792 </subfield></datafield><datafield ind1=" " ind2=" " tag="040"><subfield code="a">NVF</subfield><subfield code="b">eng</subfield><subfield code="c">NVF</subfield><subfield code="d">OCLCQ</subfield><subfield code="d">NVF</subfield><subfield code="d">OCLCO</subfield></datafield><datafield ind1="1" ind2=" " tag="029"><subfield code="a">AU@</subfield><subfield code="b">000025880027</subfield></datafield><datafield ind1=" " ind2=" " tag="042"><subfield code="a">pcc</subfield></datafield><datafield ind1=" " ind2=" " tag="043"><subfield code="a">n-us-il</subfield></datafield><datafield ind1="0" ind2="0" tag="245"><subfield code="a">Gresham mirror.</subfield></datafield><datafield ind1=" " ind2=" " tag="260"><subfield code="a">Chicago, Ill. :</subfield><subfield code="b">Gerald E. Sullivan</subfield></datafield><datafield ind1=" " ind2=" " tag="300"><subfield code="a">v.</subfield></datafield><datafield ind1=" " ind2=" " tag="310"><subfield code="a">Weekly</subfield></datafield><datafield ind1=" " ind2=" " tag="588"><subfield code="a">Description based on: Vol. 23, no. 17 (Dec. 23, 1910).</subfield></datafield><datafield ind1=" " ind2=" " tag="588"><subfield code="a">Latest issue consulted: Vol. 23, no. 17 (Dec. 23, 1910).</subfield></datafield><datafield ind1=" " ind2="0" tag="650"><subfield code="a">Community newspapers</subfield><subfield code="z">Illinois</subfield><subfield code="z">Chicago</subfield><subfield code="v">Newspapers.</subfield></datafield><datafield ind1=" " ind2="0" tag="651"><subfield code="a">Auburn Gresham (Chicago, Ill.)</subfield><subfield code="v">Newspapers.</subfield></datafield><datafield ind1=" " ind2=" " tag="752"><subfield code="a">United States</subfield><subfield code="b">Illinois</subfield><subfield code="c">Cook</subfield><subfield code="d">Chicago.</subfield></datafield><datafield ind1="0" ind2="0" tag="780"><subfield code="t">South Englewood mirror</subfield></datafield><datafield ind1="0" ind2="4" tag="785"><subfield code="t">Englewood times (Chicago, Ill. : 1897)</subfield><subfield code="w">(DLC)sn 90053005</subfield><subfield code="w">(OCoLC)22151299</subfield></datafield></record>